<record><leader>00000cas a2200000 a 4500</leader><controlfield tag="001">47772268</controlfield><controlfield tag="008">010813c20019999iluir n       0   a0eng c</controlfield><datafield ind1=" " ind2=" " tag="010"><subfield code="a">sn2006060301</subfield></datafield><datafield ind1=" " ind2=" " tag="040"><subfield code="a">JBO</subfield><subfield code="b">eng</subfield><subfield code="c">JBO</subfield><subfield code="d">OCLCQ</subfield><subfield code="d">CVF</subfield><subfield code="d">OCLCQ</subfield><subfield code="d">NVF</subfield><subfield code="d">OCLCO</subfield><subfield code="d">OCLCF</subfield></datafield><datafield ind1="1" ind2=" " tag="029"><subfield code="a">AU@</subfield><subfield code="b">000040339726</subfield></datafield><datafield ind1=" " ind2=" " tag="042"><subfield code="a">pcc</subfield></datafield><datafield ind1=" " ind2=" " tag="043"><subfield code="a">n-us-il</subfield></datafield><datafield ind1="0" ind2="0" tag="245"><subfield code="a">Boone County ink.</subfield></datafield><datafield ind1=" " ind2=" " tag="260"><subfield code="a">Belvidere, IL :</subfield><subfield code="b">Belvidere Daily Republican Co.,</subfield><subfield code="c">2001-</subfield></datafield><datafield ind1=" " ind2=" " tag="300"><subfield code="a">v. :</subfield><subfield code="b">ill. (some col.) ;</subfield><subfield code="c">36 cm.</subfield></datafield><datafield ind1=" " ind2=" " tag="310"><subfield code="a">Semiweekly</subfield></datafield><datafield ind1="0" ind2=" " tag="362"><subfield code="a">Vol. 1, no. 1 (Aug. 8, 2001)-</subfield></datafield><datafield ind1=" " ind2=" " tag="515"><subfield code="a">Vol. 1, no. 1 called also Premiere issue.</subfield></datafield><datafield ind1=" " ind2="0" tag="651"><subfield code="a">Boone County (Ill.)</subfield><subfield code="v">Newspapers.</subfield></datafield><datafield ind1=" " ind2="7" tag="655"><subfield code="a">Newspapers.</subfield><subfield code="2">fast</subfield><subfield code="0">(OCoLC)fst01423814</subfield></datafield><datafield ind1=" " ind2="7" tag="651"><subfield code="a">Illinois</subfield><subfield code="z">Boone County.</subfield><subfield code="2">fast</subfield><subfield code="0">(OCoLC)fst01210223</subfield></datafield><datafield ind1=" " ind2=" " tag="752"><subfield code="a">United States</subfield><subfield code="b">Illinois</subfield><subfield code="c">Boone</subfield><subfield code="d">Belvidere.</subfield></datafield><datafield ind1="0" ind2="0" tag="780"><subfield code="t">Belvidere daily republican</subfield><subfield code="w">(DLC)sn 93056121</subfield><subfield code="w">(OCoLC)29328915</subfield></datafield></record>